@inproceedings{zhu2019brief,
  title={A brief review on cycle generative adversarial networks},
  author={Zhu, Miaomiao and Gong, Shengrong and Qian, Zhenjiang and Zhang, Lifeng},
  booktitle={The 7th IIAE international conference on intelligent systems and image processing (ICISIP)},
  pages={235--242},
  year={2019}
}
@article{goodfellow2014generative,
  title={Generative adversarial nets},
  author={Goodfellow, Ian and Pouget-Abadie, Jean and Mirza, Mehdi and Xu, Bing and Warde-Farley, David and Ozair, Sherjil and Courville, Aaron and Bengio, Yoshua},
  journal={Advances in neural information processing systems},
  volume={27},
  year={2014}
}
@online{theiler2021, 
    author = {Sebastian Theiler},
    title = {Transforming the world into paintings with CycleGAN},
    year = 2021,
    url = {https://medium.com/analytics-vidhya/transforming-the-world-into-paintings-with-cyclegan-6748c0b85632},
    urldate = {2021-11-28}
}
